% Este archivo es parte de la memoria de libWiiEsp, protegida bajo la 
% licencia GFDL. Puede encontrar una copia de la licencia en el archivo fdl-1.3.tex

% Fuente tomada de la plantilla LaTeX para la realización de Proyectos Final 
% de Carrera de Pablo Recio Quijano.

% Copyright (C) 2009 Pablo Recio Quijano
% Copyright (C) 2011 Ezequiel Vázquez de la Calle

% -*-bibliografia.bib-*-

@MISC{website:hbc,
AUTHOR = "{Equipo Hackmii}",
title = "{\\ Pagina oficial de Homebrew Channel}",
HOWPUBLISHED = "\\ \url{http://hbc.hackmii.com}"
}

@MISC{website:devkitpro,
AUTHOR = "{WinterMute}",
title = "{\\ Página oficial de DevKitPro}",
HOWPUBLISHED = "\\ \url{http://devkitpro.org}"
}

@MISC{website:libogc,
AUTHOR = "{Varios Autores}",
title = "{\\ Documentación de \programa{libogc}}",
HOWPUBLISHED = "\\ \url{http://libogc.devkitpro.org}"
}

@MISC{website:doxygen,
AUTHOR = "{Dimitri Van Heesch}",
title = "{\\ Pagina oficial de Doxygen}",
HOWPUBLISHED = "\\ \url{http://www.doxygen.org}"
}

@MISC{website:tiled,
AUTHOR = "{Thorbjørn Lindeijer}",
title = "{\\ Pagina oficial de Tiled}",
HOWPUBLISHED = "\\ \url{http://www.mapeditor.org}"
}

@MISC{website:manualoficial,
AUTHOR = "{Nintendo Co.}",
title = "{\\ Manual oficial de Nintendo Wii}",
HOWPUBLISHED = "\\ \url{http://www.nintendo.es/NOE/es_ES/support/ayuda_wii_5251_7840.html}"
}

@MISC{website:tutorialhermes,
AUTHOR = "{Francisco Muñoz (Hermes)}",
title = "{\\ Tutorial de Hermes de programación para Wii}",
HOWPUBLISHED = "\\ \url{http://www.elotrolado.net/wiki/Curso_de_programacion}"
}

@MISC{website:wiibrew,
AUTHOR = "{Varios Autores}",
title = "{\\ Página oficial de WiiBrew}",
HOWPUBLISHED = "\\ \url{http://wiibrew.org}"
}

@MISC{website:scenebeta,
AUTHOR = "{Varios Autores}",
title = "{\\ Tutoriales de Scene Beta}",
HOWPUBLISHED = "\\ \url{http://wii.scenebeta.com/tutoriales/wii}"
}

@MISC{website:sox,
AUTHOR = "{Cbagwell, Robs}",
title = "{\\ Forja de SoX}",
HOWPUBLISHED = "\\ \url{http://sox.sourceforge.net}"
}

@MISC{website:make,
AUTHOR = "{Varios Autores}",
title = "{\\ Manual completo de Make}",
HOWPUBLISHED = "\\ \url{http://www.gnu.org/software/make/manual}"
}

@MISC{website:gamedev,
AUTHOR = "{Varios Autores}",
title = "{\\ Wiki de GameDev}",
HOWPUBLISHED = "\\ \url{http://wiki.gamedev.net}"
}

@MISC{website:forja,
AUTHOR = "{Ezequiel Vázquez de la Calle}",
title = "{\\ Forja de \programa{LibWiiEsp} en RedIris}",
HOWPUBLISHED = "\\ \url{https://forja.rediris.es/projects/libwiiesp}"
}

@MISC{pdf:make,
AUTHOR = "{Gerardo Aburruzaga García}",
title = "{\\ Make. Un programa para controlar la recompilación}",
HOWPUBLISHED = "\\ \url{http://www.uca.es/softwarelibre/publicaciones/make.pdf}"
}

@Book{casc03,
AUTHOR = "{Bernardo Cascales Salinas}",
title = {\\ El libro de LaTeX},
publisher = {\\ Pearson Educación},
year = {2003}
}

@Book{abur01,
AUTHOR = "{G. Aburruzaga García, I. Medina Bulo, F. Palomo Lozano}",
title = {\\ Fundamentos de C++},
publisher = {\\ Servicio de Publicaciones de la Universidad de Cádiz},
year = {2001}
}

@Book{tril07,
AUTHOR = "{Bienvenido Trillo Sáez, Pedro Muñoz Rodríguez}",
title = {\\ Iniciación a Gimp},
publisher = {\\ Grupo Editorial Universitario},
year = {2007}
}

